% This file was created with JabRef 2.4.2.
% Encoding: UTF-8

@ARTICLE{review:Wangxiaohua,
  author = {王晓华,张田文,柴旭东},
  title = {流体动画方法综述},
  journal = {计算机工程与应用},
  year = 2008,
}

@article{Zhou:2008,
 author = {Zhou, Kun and Ren, Zhong and Lin, Stephen and Bao, Hujun and Guo, Baining and Shum, Heung-Yeung},
 title = {Real-time smoke rendering using compensated ray marching},
 journal = {ACM Trans. Graph.},
 volume = {27},
 issue = {3},
 month = {August},
 year = {2008},
 issn = {0730-0301},
 pages = {36:1--36:12},
 articleno = {36},
 numpages = {12},
 url = {http://doi.acm.org/10.1145/1360612.1360635},
 doi = {http://doi.acm.org/10.1145/1360612.1360635},
 acmid = {1360635},
 publisher = {ACM},
 address = {New York, NY, USA},
 keywords = {environment lighting, multiple scattering, participating media, perfect hashing, single scattering},
}

@inproceedings{Foster:1996,
 author = {Foster, Nick and Metaxas, Dimitri},
 title = {Realistic animation of liquids},
 booktitle = {Proceedings of the conference on Graphics interface '96},
 year = {1996},
 isbn = {0-9695338-5-3},
 location = {Toronto, Ontario, Canada},
 pages = {204--212},
 numpages = {9},
 url = {http://portal.acm.org/citation.cfm?id=241020.241077},
 acmid = {241077},
 publisher = {Canadian Information Processing Society},
 address = {Toronto, Ont., Canada, Canada},
 keywords = {Navier-Stokes equations, fluid simulations, free-surface flow, physics-based modeling},
}

@MISC{Chen97real-timefluid,
    author = {Jim X. Chen and Niels da Vitoria Lobo and Charles E. Hughes and J. Micheal Moshell},
    title = {Real-Time Fluid Simulation in a Dynamic Virtual Environment},
    year = {1997}
}

@MISC{Brien95dynamicsimulation,
    author = {James F. O'Brien and Jessica K. Hodgins},
    title = {Dynamic Simulation of Splashing Fluids},
    year = {1995}
}

@article{Kass:1990,
 author = {Kass, Michael and Miller, Gavin},
 title = {Rapid, stable fluid dynamics for computer graphics},
 journal = {SIGGRAPH Comput. Graph.},
 volume = {24},
 issue = {4},
 month = {September},
 year = {1990},
 issn = {0097-8930},
 pages = {49--57},
 numpages = {9},
 url = {http://doi.acm.org/10.1145/97880.97884},
 doi = {http://doi.acm.org/10.1145/97880.97884},
 acmid = {97884},
 publisher = {ACM},
 address = {New York, NY, USA},
}

@MISC{Enright02animationand,
    author = {Douglas Enright and Stephen Marschner and Ronald Fedkiw},
    title = {Animation and Rendering of Complex Water Surfaces},
    year = {2002}
}

@INPROCEEDINGS{Enright02robusttreatment,
    author = {Doug Enright and Ron Fedkiw},
    title = {Robust Treatment of Interfaces for Fluid Flows and Computer Graphics},
    booktitle = {Computer Graphics”, 9th Int. Conf. on Hyperbolic Problems Theory, Numerics, Applications},
    year = {2002}
}

@inproceedings{sph:muller:fluidfluid,
 author = {M\"{u}ller, Matthias and Solenthaler, Barbara and Keiser, Richard and Gross, Markus},
 title = {Particle-based fluid-fluid interaction},
 booktitle = {Proceedings of the 2005 ACM SIGGRAPH/Eurographics symposium on Computer animation},
 series = {SCA '05},
 year = {2005},
 isbn = {1-7695-2270-X},
 location = {Los Angeles, California},
 pages = {237--244},
 numpages = {8},
 url = {http://doi.acm.org/10.1145/1073368.1073402},
 doi = {http://doi.acm.org/10.1145/1073368.1073402},
 acmid = {1073402},
 publisher = {ACM},
 address = {New York, NY, USA},
}

@article{wave:Fournier,
 author = {Fournier, Alain and Reeves, William T.},
 title = {A simple model of ocean waves},
 journal = {SIGGRAPH Comput. Graph.},
 volume = {20},
 issue = {4},
 month = {August},
 year = {1986},
 issn = {0097-8930},
 pages = {75--84},
 numpages = {10},
 url = {http://doi.acm.org/10.1145/15886.15894},
 doi = {http://doi.acm.org/10.1145/15886.15894},
 acmid = {15894},
 publisher = {ACM},
 address = {New York, NY, USA},
}

@article{Terzopoulos,
 author = {Terzopoulos, Demetri and Platt, John and Barr, Alan and Fleischer, Kurt},
 title = {Elastically deformable models},
 journal = {SIGGRAPH Comput. Graph.},
 volume = {21},
 issue = {4},
 month = {August},
 year = {1987},
 issn = {0097-8930},
 pages = {205--214},
 numpages = {10},
 url = {http://doi.acm.org/10.1145/37402.37427},
 doi = {http://doi.acm.org/10.1145/37402.37427},
 acmid = {37427},
 publisher = {ACM},
 address = {New York, NY, USA},
}

@inproceedings{levelset:Foster,
 author = {Foster, Nick and Fedkiw, Ronald},
 title = {Practical animation of liquids},
 booktitle = {Proceedings of the 28th annual conference on Computer graphics and interactive techniques},
 series = {SIGGRAPH '01},
 year = {2001},
 isbn = {1-58113-374-X},
 pages = {23--30},
 numpages = {8},
 url = {http://doi.acm.org/10.1145/383259.383261},
 doi = {http://doi.acm.org/10.1145/383259.383261},
 acmid = {383261},
 publisher = {ACM},
 address = {New York, NY, USA},
 keywords = {Navier-Stokes, animation, computational fluid dynamics, implicit surface, level set, liquids, natural phenomena, particles, semi-Lagrangian},
}

@ARTICLE{wave:Peachey,
  author = {Peachey Darwyn R.},
  title = {Modeling waves and surf},
  journal = {Computer Graphics},
  year = 1986,
  volume = {20(4)},
  pages = {65-74},
}

@INPROCEEDINGS{Arash03,
    author = {Olivier Enevaux Arash and Olivier Génevaux and Arash Habibi and Jean-michel Dischler},
    title = {Simulating Fluid-Solid Interaction},
    booktitle = {in Graphics Interface},
    year = {2003},
    pages = {31--38}
}

@INPROCEEDINGS{Ilmonen06softedges,
    author = {Tommi Ilmonen and Tapio Takala and Juha Laitinen},
    title = {Soft Edges and Burning Things: Enhanced Real-Time Rendering of Particle Systems},
    booktitle = {In Vaclav Skala, editor, WSCG 2006 Short Papers Proceedings},
    year = {2006},
    pages = {33--38}
}

@MISC{Stam03real-timefluid,
    author = {Jos Stam},
    title = {Real-Time Fluid Dynamics for Games},
    year = {2003}
}

@inproceedings{Euler:Liuyouquan,
 author = {Liu, Youquan and Liu, Xuehui and Wu, Enhua},
 title = {Real-Time 3D Fluid Simulation on GPU with Complex Obstacles},
 booktitle = {Proceedings of the Computer Graphics and Applications, 12th Pacific Conference},
 series = {PG '04},
 year = {2004},
 isbn = {0-7695-2234-3},
 pages = {247--256},
 numpages = {10},
 url = {http://portal.acm.org/citation.cfm?id=1025128.1026048},
 acmid = {1026048},
 publisher = {IEEE Computer Society},
 address = {Washington, DC, USA},
}

@ARTICLE{sph_review,
  author = {张锁春},
  title = {光滑质点流体动力学(SPH)方法(综述)},
  journal = {计算物理},
  year = 1996,
  volume = {13(4)},
  pages = {385-397},
}

@INPROCEEDINGS{SPH:Jos,
    author = {Jos Stam and Eugene Fiume},
    title = {Depicting fire and other gaseous phenomena using diffusion processes},
    booktitle = {},
    year = {1995},
    pages = {129--136}
}

@article{Szeliski,
 author = {Szeliski, Richard and Tonnesen, David},
 title = {Surface modeling with oriented particle systems},
 journal = {SIGGRAPH Comput. Graph.},
 volume = {26},
 issue = {2},
 month = {July},
 year = {1992},
 issn = {0097-8930},
 pages = {185--194},
 numpages = {10},
 url = {http://doi.acm.org/10.1145/142920.134037},
 doi = {http://doi.acm.org/10.1145/142920.134037},
 acmid = {134037},
 publisher = {ACM},
 address = {New York, NY, USA},
 keywords = {oriented particles, particle systems, physically-based modeling, self-organizing systems, surface interpolation},
}

@MISC{Foster97Euler,
    author = {Nick Foster and Dimitris Metaxas},
    title = {Modeling the Motion of a Hot, Turbulent Gas},
    year = {1997}
}

@book{liudaozhi,
  author = {刘导治},
  title = {计算流体力学基础},
  publisher = {北京航空航天大学出版社},
  address = {北京},
  year = 1989,
}

@book{Shyy:2006,
 author = {Shyy, Wei},
 title = {Computational Modeling for Fluid Flow and Interfacial Transport (Dover Books on Engineering)},
 year = {2006},
 isbn = {0486453030},
 publisher = {Dover Publications, Incorporated},
}

@article{particle:Reeves,
 author = {Reeves, W. T.},
 title = {Particle Systems a Technique for Modeling a Class of Fuzzy Objects},
 journal = {ACM Trans. Graph.},
 volume = {2},
 issue = {2},
 month = {April},
 year = {1983},
 issn = {0730-0301},
 pages = {91--108},
 numpages = {18},
 url = {http://doi.acm.org/10.1145/357318.357320},
 doi = {http://doi.acm.org/10.1145/357318.357320},
 acmid = {357320},
 publisher = {ACM},
 address = {New York, NY, USA},
}

@ARTICLE{solver:Julien,
  title = {CUDA Implementation of a Navier-Stokes Solver on Multi-GPU Desktop Platforms for Incompressible Flows},
  author = {{Julien C. Thibault} and {Inanc Senocak}},
  booktitle = {47th AIAA Aerospace Sciences Meeting Including The New Horizons Forum and Aerospace Exposition},
  year = {2009},
}

@inproceedings{solver:Krog,
  author = {{\O ystein E. Krog} and {Anne C. Elster}},
  title = {Fast GPU-based Fluid Simulations Using SPH},
  booktitle = {Para 2010 – State of the Art in Scientific and Parallel Computing – extended abstract no. 139},
  year = {2010},
}
 
@inproceedings{FFD,
    address = {New York, NY, USA},
    author = {Sederberg, T. W. and Parry, S. R.},
    booktitle = {SIGGRAPH '86: Proceedings of the 13th annual conference on Computer graphics and interactive techniques},
    citeulike-article-id = {902288},
    citeulike-linkout-0 = {http://portal.acm.org/citation.cfm?id=15903},
    citeulike-linkout-1 = {http://dx.doi.org/10.1145/15922.15903},
    doi = {10.1145/15922.15903},
    issn = {0097-8930},
    keywords = {3d-models, b-spline, deformation, ffd, reference},
    pages = {151--160},
    posted-at = {2008-09-03 17:48:06},
    priority = {2},
    publisher = {ACM Press},
    title = {{Free-form deformation of solid geometric models}},
    url = {http://dx.doi.org/10.1145/15922.15903},
    year = {1986}
}

@article{cell_flame,
  author = {{Pakeshi A G} and {Yuzo K.} and {Masayuki N.}},
  title = {Generating 2 dimensional flame images in computer graphics},
  journal = {IEICE Trans},
  year = 1991,
  volume = {74(2)},
  pages = {457-462},
}

@INPROCEEDINGS{mesh_on_fire,
    author = {Haeyoung Lee and Laehyun Kim and Mark Meyer and Mathieu Desbrun},
    title = {Meshes on Fire},
    booktitle = {In EG Workshop on Computer Animation and Simulation},
    year = {2001},
    pages = {75-84},
}

@inproceedings{burning_objects03,
  author    = {Zeki Melek and John Keyser},
  title     = {Interactive Simulation of Burning Objects.},
  booktitle = {Pacific Conference on Computer Graphics and Applications},
  publisher = {IEEE Computer Society},
  year      = {2003},
  pages     = {462-466}
}

@article{burning_objects05,
  author  = {Zeki Melek and John Keyser},
  title   = {An Interactive Simulation Framework for Burning Objects.},
  year    = {2005},
  journal = {Technical Report, Computer Science Department, Texas A \& M University},
  pages   = {457-464}
}

@ARTICLE{burning_paper,
  author = {{Shiguang Liu} and {Qiguang Liu} and {Tai An} and {Jizhou Sun} and {Qunsheng Peng}},
  title = {Physically based simulation of thin-shell objects’ burning},
  year = {2009},
  journal = {THE VISUAL COMPUTER},
  volume = {25(5-7)},
  pages = {687-696},
}

@INPROCEEDINGS{volumetric_fire,
  author = {{Alfred R. Fuller} and {Hari Krishnan} and {Karim Mahrous} and {Bernd Hamann} and {Kenneth I. Joy}},
  title = {Real-time Procedural Volumetric Fire},
  year = {2007},
  booktitle = {Proceedings of the 2007 symposium on Interactive 3D graphics and games},
}

@INBOOK{Harris,
  author = {Mark J. Harris},
  title = {Fast Fluid Dynamics Simulation on the GPU, GPU Gems},
  year = {2004},
  chapter = {38},
  publisher = {nVidia Press},
}

@ARTICLE{Liuyouquan,
  author = {柳有权，刘学慧，吴恩华},
  title = {基于GPU的带有复杂边界的三维实时流体模拟},
  year = 2006,
  journal = {软件学报},
  pages = {568-576},
  volume = {17(3)},
} 

@ARTICLE{directable,
  author = {{Chirstopher Horvath} and {Willi Geiger}},
  title = {Directable, High-Resolution Simulation of Fire on the GPU},
  journal = {ACM SIGGRAPH},
  year = {2009}
}

@ARTICLE{gpu_fluid_zheda,
  author = {陈曦，王章野，何戬，延诃，彭群生},
  title = {GPU中的流体场景实时模拟算法},
  journal = {计算机辅助设计与图形学学报},
  year = {2010},
  volume = {22(3)},
}

@ARTICLE{review:liuyouquan,
  title = {基于物理的流体模拟动画综述},
  author = {柳有权，刘学慧，朱红斌，吴恩华},
  journal = {计算机辅助设计与图形学学报},
  year = {2005},
  volume = {17(12)},
} 

@inproceedings{stable_fluids,
 author = {Stam, Jos},
 title = {Stable fluids},
 booktitle = {Proceedings of the 26th annual conference on Computer graphics and interactive techniques},
 series = {SIGGRAPH '99},
 year = {1999},
 isbn = {0-201-48560-5},
 pages = {121--128},
 numpages = {8},
 url = {http://dx.doi.org/10.1145/311535.311548},
 doi = {http://dx.doi.org/10.1145/311535.311548},
 acmid = {311548},
 publisher = {ACM Press/Addison-Wesley Publishing Co.},
 address = {New York, NY, USA},
 keywords = {Navier-Stokes, advected textures, animation of fluids, gaseous phenomena, implicit elliptic PDE solvers, interactive modeling, stable solvers},
}