% This file was created with JabRef 2.4.2.
% Encoding: UTF-8
@article{hinton2006reducing,
  title={Reducing the dimensionality of data with neural networks},
  author={Hinton, Geoffrey E and Salakhutdinov, Ruslan R},
  journal={Science},
  volume={313},
  number={5786},
  pages={504--507},
  year={2006},
  publisher={American Association for the Advancement of Science}
}
@inproceedings{DBLP:conf/nips/BengioDV00,
  author    = {Yoshua Bengio and
               R{\'{e}}jean Ducharme and
               Pascal Vincent},
  title     = {A Neural Probabilistic Language Model},
  booktitle = {Advances in Neural Information Processing Systems 13, Papers from
               Neural Information Processing Systems {(NIPS)} 2000, Denver, CO, {USA}},
  pages     = {932--938},
  year      = {2000},
  crossref  = {DBLP:conf/nips/2000},
  url       = {http://papers.nips.cc/paper/1839-a-neural-probabilistic-language-model},
  timestamp = {Thu, 11 Dec 2014 17:34:07 +0100},
  biburl    = {http://dblp.uni-trier.de/rec/bib/conf/nips/BengioDV00},
  bibsource = {dblp computer science bibliography, http://dblp.org}
}
@article{mikolov2012statistical,
  title={Statistical language models based on neural networks},
  author={Mikolov, Tom{\'a}{\v{s}}},
  journal={Presentation at Google, Mountain View, 2nd April},
  year={2012}
}
@inproceedings{DBLP:conf/interspeech/MikolovKBCK10,
  author    = {Tomas Mikolov and
               Martin Karafi{\'{a}}t and
               Luk{\'{a}}s Burget and
               Jan Cernock{\'{y}} and
               Sanjeev Khudanpur},
  title     = {Recurrent neural network based language model},
  booktitle = {{INTERSPEECH} 2010, 11th Annual Conference of the International Speech
               Communication Association, Makuhari, Chiba, Japan, September 26-30,
               2010},
  pages     = {1045--1048},
  year      = {2010},
  crossref  = {DBLP:conf/interspeech/2010},
  url       = {http://www.isca-speech.org/archive/interspeech_2010/i10_1045.html},
  timestamp = {Thu, 09 Apr 2015 14:27:21 +0200},
  biburl    = {http://dblp.uni-trier.de/rec/bib/conf/interspeech/MikolovKBCK10},
  bibsource = {dblp computer science bibliography, http://dblp.org}
}
@article{DBLP:journals/coling/BrownPdLM92,
  author    = {Peter F. Brown and
               Vincent J. Della Pietra and
               Peter V. de Souza and
               Jennifer C. Lai and
               Robert L. Mercer},
  title     = {Class-Based n-gram Models of Natural Language},
  journal   = {Computational Linguistics},
  volume    = {18},
  number    = {4},
  pages     = {467--479},
  year      = {1992},
  timestamp = {Thu, 21 Dec 2006 11:12:22 +0100},
  biburl    = {http://dblp.uni-trier.de/rec/bib/journals/coling/BrownPdLM92},
  bibsource = {dblp computer science bibliography, http://dblp.org}
}
