% This file was created with JabRef 2.4.2.
% Encoding: UTF-8
@article{hinton2006reducing,
  title={Reducing the dimensionality of data with neural networks},
  author={Hinton, Geoffrey E and Salakhutdinov, Ruslan R},
  journal={Science},
  volume={313},
  number={5786},
  pages={504--507},
  year={2006},
  publisher={American Association for the Advancement of Science}
}
@inproceedings{DBLP:conf/nips/BengioDV00,
  author    = {Yoshua Bengio and
               R{\'{e}}jean Ducharme and
               Pascal Vincent},
  title     = {A Neural Probabilistic Language Model},
  booktitle = {Advances in Neural Information Processing Systems 13, Papers from
               Neural Information Processing Systems {(NIPS)} 2000, Denver, CO, {USA}},
  pages     = {932--938},
  year      = {2000},
  timestamp = {Thu, 11 Dec 2014 17:34:07 +0100},
  biburl    = {http://dblp.uni-trier.de/rec/bib/conf/nips/BengioDV00},
  bibsource = {dblp computer science bibliography, http://dblp.org}
}
@article{mikolov2012statistical,
  title={Statistical language models based on neural networks},
  author={Mikolov, Tom{\'a}{\v{s}}},
  journal={Presentation at Google, Mountain View, 2nd April},
  year={2012}
}
@inproceedings{DBLP:conf/interspeech/MikolovKBCK10,
  author    = {Tomas Mikolov and
               Martin Karafi{\'{a}}t and
               Luk{\'{a}}s Burget and
               Jan Cernock{\'{y}} and
               Sanjeev Khudanpur},
  title     = {Recurrent neural network based language model},
  booktitle = {{INTERSPEECH} 2010, 11th Annual Conference of the International Speech
               Communication Association},
  pages     = {1045--1048},
  year      = {2010},
  timestamp = {Thu, 09 Apr 2015 14:27:21 +0200},
  biburl    = {http://dblp.uni-trier.de/rec/bib/conf/interspeech/MikolovKBCK10},
  bibsource = {dblp computer science bibliography, http://dblp.org}
}
@article{DBLP:journals/coling/BrownPdLM92,
  author    = {Peter F. Brown and
               Vincent J. Della Pietra and
               Peter V. de Souza and
               Jennifer C. Lai and
               Robert L. Mercer},
  title     = {Class-Based n-gram Models of Natural Language},
  journal   = {Computational Linguistics},
  volume    = {18},
  number    = {4},
  pages     = {467--479},
  year      = {1992},
  timestamp = {Thu, 21 Dec 2006 11:12:22 +0100},
  biburl    = {http://dblp.uni-trier.de/rec/bib/journals/coling/BrownPdLM92},
  bibsource = {dblp computer science bibliography, http://dblp.org}
}
@inproceedings{Jin:2002:TLM:564376.564386,
 author = {Jin, Rong and Hauptmann, Alex G. and Zhai, Cheng Xiang},
 title = {Title Language Model for Information Retrieval},
 booktitle = {Proceedings of the 25th Annual International ACM SIGIR Conference on Research and Development in Information Retrieval},
 series = {SIGIR '02},
 year = {2002},
 pages = {42--48},
 numpages = {7},
 acmid = {564386},
 publisher = {ACM},
 address = {New York, NY, USA},
 keywords = {machine learning, smoothing, statistical translation model, title language model},
}
@inproceedings{DBLP:conf/naacl/BaltescuB15,
  author    = {Paul Baltescu and
               Phil Blunsom},
  title     = {Pragmatic Neural Language Modelling in Machine Translation},
  booktitle = {{NAACL} {HLT} 2015, The 2015 Conference of the North American Chapter
               of the Association for Computational Linguistics: Human Language Technologies},
  pages     = {820--829},
  year      = {2015},
  timestamp = {Sat, 11 Jul 2015 19:35:08 +0200},
  biburl    = {http://dblp.uni-trier.de/rec/bib/conf/naacl/BaltescuB15},
  bibsource = {dblp computer science bibliography, http://dblp.org}
}
@inproceedings{derczynski2015tune,
  title={Tune your brown clustering, please},
  author={Derczynski, Leon and Chester, Sean and B{\o}gh, Kenneth S},
  booktitle={International Conference Recent Advances in Natural Language Processing, RANLP},
  volume={2015},
  pages={110--117},
  year={2015},
  organization={Association for Computational Linguistics}
}
@article{DBLP:journals/csl/ChenG99,
  author    = {Stanley F. Chen and
               Joshua Goodman},
  title     = {An empirical study of smoothing techniques for language modeling},
  journal   = {Computer Speech {\&} Language},
  volume    = {13},
  number    = {4},
  pages     = {359--393},
  year      = {1999},
  doi       = {10.1006/csla.1999.0128},
  timestamp = {Fri, 17 Jul 2009 14:38:09 +0200},
  biburl    = {http://dblp.uni-trier.de/rec/bib/journals/csl/ChenG99},
  bibsource = {dblp computer science bibliography, http://dblp.org}
}
@article{DBLP:journals/taslp/SundermeyerNS15,
  author    = {Martin Sundermeyer and
               Hermann Ney and
               Ralf Schl{\"{u}}ter},
  title     = {From Feedforward to Recurrent {LSTM} Neural Networks for Language
               Modeling},
  journal   = {{IEEE/ACM} Trans. Audio, Speech {\&} Language Processing},
  volume    = {23},
  number    = {3},
  pages     = {517--529},
  year      = {2015},
  doi       = {10.1109/TASLP.2015.2400218},
  timestamp = {Wed, 09 Mar 2016 14:22:40 +0100},
  biburl    = {http://dblp.uni-trier.de/rec/bib/journals/taslp/SundermeyerNS15},
  bibsource = {dblp computer science bibliography, http://dblp.org}
}
@article{DBLP:journals/neco/HochreiterS97,
  author    = {Sepp Hochreiter and
               J{\"{u}}rgen Schmidhuber},
  title     = {Long Short-Term Memory},
  journal   = {Neural Computation},
  volume    = {9},
  number    = {8},
  pages     = {1735--1780},
  year      = {1997},
  timestamp = {Thu, 17 Nov 2011 16:24:23 +0100},
  biburl    = {http://dblp.uni-trier.de/rec/bib/journals/neco/HochreiterS97},
  bibsource = {dblp computer science bibliography, http://dblp.org}
}
@inproceedings{DBLP:conf/icml/JozefowiczZS15,
  author    = {Rafal J{\'{o}}zefowicz and
               Wojciech Zaremba and
               Ilya Sutskever},
  title     = {An Empirical Exploration of Recurrent Network Architectures},
  booktitle = {Proceedings of the 32nd International Conference on Machine Learning,
               {ICML}},
  pages     = {2342--2350},
  year      = {2015},
  timestamp = {Tue, 12 Jul 2016 21:51:15 +0200},
  biburl    = {http://dblp.uni-trier.de/rec/bib/conf/icml/JozefowiczZS15},
  bibsource = {dblp computer science bibliography, http://dblp.org}
}
@proceedings{DBLP:conf/icml/2015,
  editor    = {Francis R. Bach and
               David M. Blei},
  title     = {Proceedings of the 32nd International Conference on Machine Learning,
               {ICML}},
  series    = {{JMLR} Workshop and Conference Proceedings},
  volume    = {37},
  publisher = {JMLR.org},
  year      = {2015},
  timestamp = {Tue, 12 Jul 2016 21:51:15 +0200},
  biburl    = {http://dblp.uni-trier.de/rec/bib/conf/icml/2015},
  bibsource = {dblp computer science bibliography, http://dblp.org}
}
@inproceedings{DBLP:conf/nips/ChungKDGCB15,
  author    = {Junyoung Chung and
               Kyle Kastner and
               Laurent Dinh and
               Kratarth Goel and
               Aaron C. Courville and
               Yoshua Bengio},
  title     = {A Recurrent Latent Variable Model for Sequential Data},
  booktitle = {Advances in Neural Information Processing Systems 28: Annual Conference
               on Neural Information Processing Systems 2015},
  pages     = {2980--2988},
  year      = {2015},
  timestamp = {Fri, 08 Apr 2016 19:32:52 +0200},
  biburl    = {http://dblp.uni-trier.de/rec/bib/conf/nips/ChungKDGCB15},
  bibsource = {dblp computer science bibliography, http://dblp.org}
}
@article{DBLP:journals/corr/Pezeshki15,
  author    = {Mohammad Pezeshki},
  title     = {Sequence Modeling using Gated Recurrent Neural Networks},
  journal   = {CoRR},
  volume    = {abs/1501.00299},
  year      = {2015},
  timestamp = {Mon, 02 Feb 2015 14:12:25 +0100},
  biburl    = {http://dblp.uni-trier.de/rec/bib/journals/corr/Pezeshki15},
  bibsource = {dblp computer science bibliography, http://dblp.org}
}
@inproceedings{DBLP:conf/icassp/MikolovKBCK11,
  author    = {Tomas Mikolov and
               Stefan Kombrink and
               Luk{\'{a}}s Burget and
               Jan Cernock{\'{y}} and
               Sanjeev Khudanpur},
  title     = {Extensions of recurrent neural network language model},
  booktitle = {Proceedings of the {IEEE} International Conference on Acoustics, Speech,
               and Signal Processing, {ICASSP} 2011, May 22-27, 2011, Prague Congress
               Center, Prague, Czech Republic},
  pages     = {5528--5531},
  year      = {2011},
  timestamp = {Thu, 09 Apr 2015 14:27:22 +0200},
  biburl    = {http://dblp.uni-trier.de/rec/bib/conf/icassp/MikolovKBCK11},
  bibsource = {dblp computer science bibliography, http://dblp.org}
}
@proceedings{DBLP:conf/icassp/2011,
  title     = {Proceedings of the {IEEE} International Conference on Acoustics, Speech,
               and Signal Processing, {ICASSP}},
  publisher = {{IEEE}},
  year      = {2011},
  timestamp = {Thu, 14 Jul 2011 10:50:58 +0200},
  biburl    = {http://dblp.uni-trier.de/rec/bib/conf/icassp/2011},
  bibsource = {dblp computer science bibliography, http://dblp.org}
}
@inproceedings{DBLP:conf/interspeech/SakSB14,
  author    = {Hasim Sak and
               Andrew W. Senior and
               Fran{\c{c}}oise Beaufays},
  title     = {Long short-term memory recurrent neural network architectures for
               large scale acoustic modeling},
  booktitle = {{INTERSPEECH} 2014, 15th Annual Conference of the International Speech
               Communication Association},
  pages     = {338--342},
  year      = {2014},
  timestamp = {Wed, 18 Feb 2015 08:47:28 +0100},
  biburl    = {http://dblp.uni-trier.de/rec/bib/conf/interspeech/SakSB14},
  bibsource = {dblp computer science bibliography, http://dblp.org}
}
@proceedings{DBLP:conf/interspeech/2014,
  editor    = {Haizhou Li and
               Helen M. Meng and
               Bin Ma and
               Engsiong Chng and
               Lei Xie},
  title     = {{INTERSPEECH} 2014, 15th Annual Conference of the International Speech
               Communication Association},
  publisher = {{ISCA}},
  year      = {2014},
  timestamp = {Wed, 18 Feb 2015 08:38:47 +0100},
  biburl    = {http://dblp.uni-trier.de/rec/bib/conf/interspeech/2014},
  bibsource = {dblp computer science bibliography, http://dblp.org}
}
@inproceedings{DBLP:conf/nips/MikolovSCCD13,
  author    = {Tomas Mikolov and
               Ilya Sutskever and
               Kai Chen and
               Gregory S. Corrado and
               Jeffrey Dean},
  title     = {Distributed Representations of Words and Phrases and their Compositionality},
  booktitle = {Advances in Neural Information Processing Systems 26},
  pages     = {3111--3119},
  year      = {2013},
  timestamp = {Thu, 07 May 2015 20:02:01 +0200},
  biburl    = {http://dblp.uni-trier.de/rec/bib/conf/nips/MikolovSCCD13},
  bibsource = {dblp computer science bibliography, http://dblp.org}
}
@inproceedings{DBLP:conf/nips/MnihH08,
  author    = {Andriy Mnih and
               Geoffrey E. Hinton},
  title     = {A Scalable Hierarchical Distributed Language Model},
  booktitle = {Advances in Neural Information Processing Systems 21},
  pages     = {1081--1088},
  year      = {2008},
  timestamp = {Thu, 11 Dec 2014 17:34:08 +0100},
  biburl    = {http://dblp.uni-trier.de/rec/bib/conf/nips/MnihH08},
  bibsource = {dblp computer science bibliography, http://dblp.org}
}
@proceedings{DBLP:conf/nips/2008,
  editor    = {Daphne Koller and
               Dale Schuurmans and
               Yoshua Bengio and
               L{\'{e}}on Bottou},
  title     = {Advances in Neural Information Processing Systems 21},
  publisher = {Curran Associates, Inc.},
  year      = {2009},
  timestamp = {Thu, 11 Dec 2014 17:34:08 +0100},
  biburl    = {http://dblp.uni-trier.de/rec/bib/conf/nips/2008},
  bibsource = {dblp computer science bibliography, http://dblp.org}
}
@inproceedings{DBLP:conf/icml/MnihT12,
  author    = {Andriy Mnih and
               Yee Whye Teh},
  title     = {A fast and simple algorithm for training neural probabilistic language
               models},
  booktitle = {Proceedings of the 29th International Conference on Machine Learning,
               {ICML}},
  year      = {2012},
  timestamp = {Wed, 13 Jul 2016 14:59:05 +0200},
  biburl    = {http://dblp.uni-trier.de/rec/bib/conf/icml/MnihT12},
  bibsource = {dblp computer science bibliography, http://dblp.org}
}
@proceedings{DBLP:conf/icml/2012,
  title     = {Proceedings of the 29th International Conference on Machine Learning,
               {ICML}},
  publisher = {icml.cc / Omnipress},
  year      = {2012},
  timestamp = {Fri, 25 Jan 2013 09:27:34 +0100},
  biburl    = {http://dblp.uni-trier.de/rec/bib/conf/icml/2012},
  bibsource = {dblp computer science bibliography, http://dblp.org}
}
@inproceedings{DBLP:conf/nips/MnihK13,
  author    = {Andriy Mnih and
               Koray Kavukcuoglu},
  title     = {Learning word embeddings efficiently with noise-contrastive estimation},
  booktitle = {Advances in Neural Information Processing Systems 26},
  pages     = {2265--2273},
  year      = {2013},
  timestamp = {Fri, 31 Jan 2014 12:11:40 +0100},
  biburl    = {http://dblp.uni-trier.de/rec/bib/conf/nips/MnihK13},
  bibsource = {dblp computer science bibliography, http://dblp.org}
}
@proceedings{DBLP:conf/nips/2013,
  editor    = {Christopher J. C. Burges and
               L{\'{e}}on Bottou and
               Zoubin Ghahramani and
               Kilian Q. Weinberger},
  title     = {Advances in Neural Information Processing Systems 26},
  year      = {2013},
  url       = {http://papers.nips.cc/book/advances-in-neural-information-processing-systems-26-2013},
  timestamp = {Fri, 31 Jan 2014 12:11:40 +0100},
  biburl    = {http://dblp.uni-trier.de/rec/bib/conf/nips/2013},
  bibsource = {dblp computer science bibliography, http://dblp.org}
}
@inproceedings{DBLP:conf/acl/BaroniDK14,
  author    = {Marco Baroni and
               Georgiana Dinu and
               Germ{\'{a}}n Kruszewski},
  title     = {Don't count, predict! {A} systematic comparison of context-counting
               vs. context-predicting semantic vectors},
  booktitle = {Proceedings of the 52nd Annual Meeting of the Association for Computational
               Linguistics, {ACL}},
  pages     = {238--247},
  year      = {2014},
  timestamp = {Mon, 28 Jul 2014 19:09:09 +0200},
  biburl    = {http://dblp.uni-trier.de/rec/bib/conf/acl/BaroniDK14},
  bibsource = {dblp computer science bibliography, http://dblp.org}
}
@proceedings{DBLP:conf/acl/2014-1,
  title     = {Proceedings of the 52nd Annual Meeting of the Association for Computational
               Linguistics, {ACL} 2014, June 22-27, 2014, Baltimore, MD, USA, Volume
               1: Long Papers},
  publisher = {The Association for Computer Linguistics},
  year      = {2014},
  timestamp = {Sun, 20 Jul 2014 17:20:53 +0200},
  biburl    = {http://dblp.uni-trier.de/rec/bib/conf/acl/2014-1},
  bibsource = {dblp computer science bibliography, http://dblp.org}
}
@article{DBLP:journals/sigkdd/BellK07,
  author    = {Robert M. Bell and
               Yehuda Koren},
  title     = {Lessons from the Netflix prize challenge},
  journal   = {{SIGKDD} Explorations},
  volume    = {9},
  number    = {2},
  pages     = {75--79},
  year      = {2007},
  timestamp = {Fri, 18 Apr 2008 14:39:40 +0200},
  biburl    = {http://dblp.uni-trier.de/rec/bib/journals/sigkdd/BellK07},
  bibsource = {dblp computer science bibliography, http://dblp.org}
}
@article{DBLP:journals/pami/BengioCV13,
  author    = {Yoshua Bengio and
               Aaron C. Courville and
               Pascal Vincent},
  title     = {Representation Learning: {A} Review and New Perspectives},
  journal   = {{IEEE} Trans. Pattern Anal. Mach. Intell.},
  volume    = {35},
  number    = {8},
  pages     = {1798--1828},
  year      = {2013},
  timestamp = {Sat, 12 Mar 2016 09:04:00 +0100},
  biburl    = {http://dblp.uni-trier.de/rec/bib/journals/pami/BengioCV13},
  bibsource = {dblp computer science bibliography, http://dblp.org}
}
@article{DBLP:journals/tnn/BengioSF94,
  author    = {Yoshua Bengio and
               Patrice Y. Simard and
               Paolo Frasconi},
  title     = {Learning long-term dependencies with gradient descent is difficult},
  journal   = {{IEEE} Trans. Neural Networks},
  volume    = {5},
  number    = {2},
  pages     = {157--166},
  year      = {1994},
  timestamp = {Wed, 09 Mar 2016 15:40:57 +0100},
  biburl    = {http://dblp.uni-trier.de/rec/bib/journals/tnn/BengioSF94},
  bibsource = {dblp computer science bibliography, http://dblp.org}
}
@inproceedings{DBLP:conf/icml/MnihH07,
  author    = {Andriy Mnih and
               Geoffrey E. Hinton},
  title     = {Three new graphical models for statistical language modelling},
  booktitle = {Machine Learning, Proceedings of the Twenty-Fourth International Conference
               {ICML}},
  pages     = {641--648},
  year      = {2007},
  timestamp = {Fri, 01 Jul 2011 12:24:37 +0200},
  biburl    = {http://dblp.uni-trier.de/rec/bib/conf/icml/MnihH07},
  bibsource = {dblp computer science bibliography, http://dblp.org}
}
@proceedings{DBLP:conf/icml/2007,
  editor    = {Zoubin Ghahramani},
  title     = {Machine Learning, Proceedings of the Twenty-Fourth International Conference
               {ICML}},
  series    = {{ACM} International Conference Proceeding Series},
  volume    = {227},
  publisher = {{ACM}},
  year      = {2007},
  timestamp = {Fri, 01 Jul 2011 12:24:37 +0200},
  biburl    = {http://dblp.uni-trier.de/rec/bib/conf/icml/2007},
  bibsource = {dblp computer science bibliography, http://dblp.org}
}
@article{DBLP:journals/tnn/BengioS08,
  author    = {Yoshua Bengio and
               Jean{-}S{\'{e}}bastien Senecal},
  title     = {Adaptive Importance Sampling to Accelerate Training of a Neural Probabilistic
               Language Model},
  journal   = {{IEEE} Trans. Neural Networks},
  volume    = {19},
  number    = {4},
  pages     = {713--722},
  year      = {2008},
  timestamp = {Wed, 09 Mar 2016 15:40:57 +0100},
  biburl    = {http://dblp.uni-trier.de/rec/bib/journals/tnn/BengioS08},
  bibsource = {dblp computer science bibliography, http://dblp.org}
}
@article{DBLP:journals/csl/BayerR16,
  author    = {Ali Orkan Bayer and
               Giuseppe Riccardi},
  title     = {Semantic language models with deep neural networks},
  journal   = {Computer Speech {\&} Language},
  volume    = {40},
  pages     = {1--22},
  year      = {2016},
  timestamp = {Tue, 12 Jul 2016 19:28:01 +0200},
  biburl    = {http://dblp.uni-trier.de/rec/bib/journals/csl/BayerR16},
  bibsource = {dblp computer science bibliography, http://dblp.org}
}
@inproceedings{DBLP:conf/interspeech/HarbCDG09,
  author    = {Boulos Harb and
               Ciprian Chelba and
               Jeffrey Dean and
               Sanjay Ghemawat},
  title     = {Back-off language model compression},
  booktitle = {{INTERSPEECH} 2009, 10th Annual Conference of the International Speech
               Communication Association},
  pages     = {352--355},
  year      = {2009},
  timestamp = {Thu, 03 Mar 2011 12:24:04 +0100},
  biburl    = {http://dblp.uni-trier.de/rec/bib/conf/interspeech/HarbCDG09},
  bibsource = {dblp computer science bibliography, http://dblp.org}
}
@proceedings{DBLP:conf/interspeech/2009,
  title     = {{INTERSPEECH} 2009, 10th Annual Conference of the International Speech
               Communication Association},
  publisher = {{ISCA}},
  year      = {2009},
  timestamp = {Thu, 03 Mar 2011 08:41:35 +0100},
  biburl    = {http://dblp.uni-trier.de/rec/bib/conf/interspeech/2009},
  bibsource = {dblp computer science bibliography, http://dblp.org}
}
@article{DBLP:journals/csl/ZhouL99,
  author    = {Guodong Zhou and
               Kimteng Lua},
  title     = {Interpolation of n-gram and mutual-information based trigger pair
               language models for Mandarin speech recognition},
  journal   = {Computer Speech {\&} Language},
  volume    = {13},
  number    = {2},
  pages     = {125--141},
  year      = {1999},
  timestamp = {Fri, 17 Jul 2009 14:38:09 +0200},
  biburl    = {http://dblp.uni-trier.de/rec/bib/journals/csl/ZhouL99},
  bibsource = {dblp computer science bibliography, http://dblp.org}
}
@inproceedings{DBLP:conf/aaai/DerczynskiC16,
  author    = {Leon Derczynski and
               Sean Chester},
  title     = {Generalised Brown Clustering and Roll-Up Feature Generation},
  booktitle = {Proceedings of the Thirtieth {AAAI} Conference on Artificial Intelligence},
  pages     = {1533--1539},
  year      = {2016},
  timestamp = {Thu, 21 Apr 2016 19:28:00 +0200},
  biburl    = {http://dblp.uni-trier.de/rec/bib/conf/aaai/DerczynskiC16},
  bibsource = {dblp computer science bibliography, http://dblp.org}
}
@proceedings{DBLP:conf/aaai/2016,
  editor    = {Dale Schuurmans and
               Michael P. Wellman},
  title     = {Proceedings of the Thirtieth {AAAI} Conference on Artificial Intelligence},
  publisher = {{AAAI} Press},
  year      = {2016},
  timestamp = {Thu, 21 Apr 2016 17:32:26 +0200},
  biburl    = {http://dblp.uni-trier.de/rec/bib/conf/aaai/2016},
  bibsource = {dblp computer science bibliography, http://dblp.org}
}
