%Entries
@inproceedings{minka2003algorithms,
  title={Algorithms for maximum-likelihood logistic regression},
  author={Minka, Thomas},
  booktitle={Virtual Communities and Social Capital. Social Science Computer Review},
  year={2001},
}
@inproceedings{DBLP:conf/acl/FuGQCWL14,
  author    = {Ruiji Fu and
               Jiang Guo and
               Bing Qin and
               Wanxiang Che and
               Haifeng Wang and
               Ting Liu},
  title     = {Learning Semantic Hierarchies via Word Embeddings},
  booktitle = {Proceedings of the 52nd Annual Meeting of the Association for Computational
               Linguistics},
  pages     = {1199--1209},
  year      = {2014},
  timestamp = {Mon, 28 Jul 2014 19:09:09 +0200},
  biburl    = {http://dblp.org/rec/bib/conf/acl/FuGQCWL14},
  bibsource = {dblp computer science bibliography, http://dblp.org}
}

@inproceedings{DBLP:conf/interspeech/ChenWR15,
  author    = {Yun{-}Nung Chen and
               William Yang Wang and
               Alexander I. Rudnicky},
  title     = {Learning semantic hierarchy with distributed representations for unsupervised
               spoken language understanding},
  booktitle = {Proceedings of 16th Annual Conference of the International Speech
               Communication Association},
  pages     = {1869--1873},
  year      = {2015},
  timestamp = {Mon, 04 Jan 2016 19:12:52 +0100},
  biburl    = {http://dblp.org/rec/bib/conf/interspeech/ChenWR15},
  bibsource = {dblp computer science bibliography, http://dblp.org}
}
@inproceedings{DBLP:conf/interspeech/ChenWLGW14,
  author    = {Xie Chen and
               Yongqiang Wang and
               Xunying Liu and
               Mark J. F. Gales and
               Philip C. Woodland},
  title     = {Efficient GPU-based training of recurrent neural network language
               models using spliced sentence bunch},
  booktitle = {Proceedings of 15th Annual Conference of the International Speech
               Communication Association},
  pages     = {641--645},
  year      = {2014},
  timestamp = {Mon, 30 Jan 2017 12:13:12 +0100},
  biburl    = {http://dblp.org/rec/bib/conf/interspeech/ChenWLGW14},
  bibsource = {dblp computer science bibliography, http://dblp.org}
}
@inproceedings{DBLP:journals/iclr/JiVSAD15,
  author    = {Shihao Ji and
               S. V. N. Vishwanathan and
               Nadathur Satish and
               Michael J. Anderson and
               Pradeep Dubey},
  title     = {BlackOut: Speeding up Recurrent Neural Network Language Models With
               Very Large Vocabularies},
  booktitle = {Proceedings of 3rd International Conference on Learning Representations},
  pages     = {1--14},
  year      = {2016},
  timestamp = {Tue, 01 Dec 2015 19:22:34 +0100},
  biburl    = {http://dblp.uni-trier.de/rec/bib/journals/corr/JiVSAD15},
  bibsource = {dblp computer science bibliography, http://dblp.org}
}
@inproceedings{DBLP:conf/nips/MnihH08,
  author    = {Andriy Mnih and
               Geoffrey E. Hinton},
  title     = {A Scalable Hierarchical Distributed Language Model},
  booktitle = {Proceedings of 22nd Annual Conference on Neural Information Processing
               Systems},
  pages     = {1081--1088},
  year      = {2008},
  timestamp = {Thu, 11 Dec 2014 17:34:08 +0100},
  biburl    = {http://dblp.org/rec/bib/conf/nips/MnihH08},
  bibsource = {dblp computer science bibliography, http://dblp.org}
}

@inproceedings{DBLP:conf/icml/MnihT12,
  author    = {Andriy Mnih and
               Yee Whye Teh},
  title     = {A fast and simple algorithm for training neural probabilistic language
               models},
  booktitle = {Proceedings of the 29th International Conference on Machine Learning},
  year      = {2012},
  timestamp = {Wed, 13 Jul 2016 14:59:05 +0200},
  biburl    = {http://dblp.uni-trier.de/rec/bib/conf/icml/MnihT12},
  bibsource = {dblp computer science bibliography, http://dblp.org}
}

@article{DBLP:journals/corr/Al-RfouAAa16,
  author    = {Rami Al{-}Rfou and
               Guillaume Alain and
               Amjad Almahairi and
               et al.},
  title     = {Theano: {A} Python framework for fast computation of mathematical
               expressions},
  journal   = {CoRR},
  volume    = {abs/1605.02688},
  year      = {2016},
  timestamp = {Wed, 01 Jun 2016 15:51:08 +0200},
  biburl    = {http://dblp.uni-trier.de/rec/bib/journals/corr/Al-RfouAAa16},
  bibsource = {dblp computer science bibliography, http://dblp.org}
}
@article{DBLP:journals/coling/MarcusSM94,
  author    = {Mitchell P. Marcus and
               Beatrice Santorini and
               Mary Ann Marcinkiewicz},
  title     = {Building a Large Annotated Corpus of English: The Penn Treebank},
  journal   = {Computational Linguistics},
  volume    = {19},
  number    = {2},
  pages     = {313--330},
  year      = {1993},
  timestamp = {Tue, 06 Dec 2005 15:19:37 +0100},
  biburl    = {http://dblp.org/rec/bib/journals/coling/MarcusSM94},
  bibsource = {dblp computer science bibliography, http://dblp.org}
}
@inproceedings{DBLP:conf/interspeech/PaulB92,
  author    = {Douglas B. Paul and
               Janet M. Baker},
  title     = {The design for the wall street journal-based {CSR} corpus},
  booktitle = {Proceedings of the 2nd International Conference on Spoken Language Processing},
  year      = {1992},
  timestamp = {Fri, 08 Apr 2011 11:13:47 +0200},
  biburl    = {http://dblp.org/rec/bib/conf/interspeech/PaulB92},
  bibsource = {dblp computer science bibliography, http://dblp.org}
}
@article{DBLP:journals/corr/JozefowiczVSSW16,
  author    = {Rafal J{\'{o}}zefowicz and
               Oriol Vinyals and
               Mike Schuster and
               Noam Shazeer and
               Yonghui Wu},
  title     = {Exploring the Limits of Language Modeling},
  journal   = {CoRR},
  volume    = {abs/1602.02410},
  year      = {2016},
  timestamp = {Tue, 01 Mar 2016 17:47:25 +0100},
  biburl    = {http://dblp.uni-trier.de/rec/bib/journals/corr/JozefowiczVSSW16},
  bibsource = {dblp computer science bibliography, http://dblp.org}
}
@article{zhou2016softplus,
  title     = {Softplus Regressions and Convex Polytopes},
  author    = {Zhou, Mingyuan},
  journal   = {CoRR},
  volume    = {abs/1608.06383},
  year      = {2016}
}
@inproceedings{DBLP:conf/nips/MikolovSCCD13,
  author    = {Tomas Mikolov and
               Ilya Sutskever and
               Kai Chen and
               Gregory S. Corrado and
               Jeffrey Dean},
  title     = {Distributed Representations of Words and Phrases and their Compositionality},
  booktitle = {Proceedings of 27th Annual Conference on Neural Information Processing Systems},
  pages     = {3111--3119},
  year      = {2013},
  timestamp = {Thu, 07 May 2015 20:02:01 +0200},
  biburl    = {http://dblp.org/rec/bib/conf/nips/MikolovSCCD13},
  bibsource = {dblp computer science bibliography, http://dblp.org}
}
@article{DBLP:journals/corr/BrebissonV16a,
  author    = {Alexandre de Br{\'{e}}bisson and
               Pascal Vincent},
  title     = {The Z-loss: a shift and scale invariant classification loss belonging
               to the Spherical Family},
  journal   = {CoRR},
  volume    = {abs/1604.08859},
  year      = {2016},
  timestamp = {Wed, 07 Jun 2017 14:42:51 +0200},
  biburl    = {http://dblp.uni-trier.de/rec/bib/journals/corr/BrebissonV16a},
  bibsource = {dblp computer science bibliography, http://dblp.org}
}

@article{DBLP:journals/jmlr/GutmannH12,
  author    = {Michael Gutmann and
               Aapo Hyv\"{a}rinen},
  title     = {Noise-Contrastive Estimation of Unnormalized Statistical Models, with
               Applications to Natural Image Statistics},
  journal   = {Journal of Machine Learning Research},
  volume    = {13},
  pages     = {307--361},
  year      = {2012},
  timestamp = {Thu, 03 May 2012 15:44:52 +0200},
  biburl    = {http://dblp.uni-trier.de/rec/bib/journals/jmlr/GutmannH12},
  bibsource = {dblp computer science bibliography, http://dblp.org}
}
@inproceedings{DBLP:conf/interspeech/MikolovKBCK10,
  author    = {Tomas Mikolov and
               Martin Karafi{\'{a}}t and
               Luk{\'{a}}s Burget and
               Jan Cernock{\'{y}} and
               Sanjeev Khudanpur},
  title     = {Recurrent neural network based language model},
  booktitle = {Proceedings of 11th Annual Conference of the International Speech
               Communication Association},
  pages     = {1045--1048},
  year      = {2010},
  timestamp = {Thu, 24 Aug 2017 11:26:53 +0200},
  biburl    = {http://dblp.org/rec/bib/conf/interspeech/MikolovKBCK10},
  bibsource = {dblp computer science bibliography, http://dblp.org}
}
@article{mikolov2012statistical,
  title={Statistical language models based on neural networks},
  author={Mikolov, Tom{\'a}{\v{s}}},
  journal={Presentation at Google, Mountain View, 2nd April},
  year={2012}
}
@article{DBLP:journals/taslp/SundermeyerNS15,
  author    = {Martin Sundermeyer and
               Hermann Ney and
               Ralf Schl{\"{u}}ter},
  title     = {From Feedforward to Recurrent {LSTM} Neural Networks for Language
               Modeling},
  journal   = {IEEE/ACM Transactions on Audio, Speech, and Language Processing},
  volume    = {23},
  number    = {3},
  pages     = {517--529},
  year      = {2015},
  timestamp = {Sun, 28 May 2017 01:00:00 +0200},
  biburl    = {http://dblp.org/rec/bib/journals/taslp/SundermeyerNS15},
  bibsource = {dblp computer science bibliography, http://dblp.org}
}
@article{DBLP:journals/jmlr/BengioDVJ03,
  author    = {Yoshua Bengio and
               R{\'{e}}jean Ducharme and
               Pascal Vincent and
               Christian Janvin},
  title     = {A Neural Probabilistic Language Model},
  journal   = {Journal of Machine Learning Research},
  volume    = {3},
  pages     = {1137--1155},
  year      = {2003},
  timestamp = {Thu, 05 Feb 2004 13:43:02 +0100},
  biburl    = {http://dblp.uni-trier.de/rec/bib/journals/jmlr/BengioDVJ03},
  bibsource = {dblp computer science bibliography, http://dblp.org}
}
@inproceedings{DBLP:conf/aaai/KimJSR16,
  author    = {Yoon Kim and
               Yacine Jernite and
               David Sontag and
               Alexander M. Rush},
  title     = {Character-Aware Neural Language Models},
  booktitle = {Proceedings of the 30th {AAAI} Conference on Artificial Intelligence},
  pages     = {2741--2749},
  year      = {2016},
  timestamp = {Wed, 05 Apr 2017 12:53:50 +0200},
  biburl    = {http://dblp.org/rec/bib/conf/aaai/KimJSR16},
  bibsource = {dblp computer science bibliography, http://dblp.org}
}
@inproceedings{DBLP:conf/acl/ChenGA16,
  author    = {Wenlin Chen and
               David Grangier and
               Michael Auli},
  title     = {Strategies for Training Large Vocabulary Neural Language Models},
  booktitle = {Proceedings of the 54th Annual Meeting of the Association for Computational
               Linguistics},
  year      = {2016},
  timestamp = {Mon, 15 Aug 2016 20:10:51 +0200},
  biburl    = {http://dblp.org/rec/bib/conf/acl/ChenGA16},
  bibsource = {dblp computer science bibliography, http://dblp.org}
}
@article{DBLP:journals/taslp/WangW16,
  author    = {ZhongQiu Wang and
               DeLiang Wang},
  title     = {A Joint Training Framework for Robust Automatic Speech Recognition},
  journal   = {IEEE/ACM Transactions on Audio, Speech, and Language Processing},
  volume    = {24},
  number    = {4},
  pages     = {796--806},
  year      = {2016},
  timestamp = {Wed, 30 Mar 2016 18:10:48 +0200},
  biburl    = {http://dblp.uni-trier.de/rec/bib/journals/taslp/WangW16},
  bibsource = {dblp computer science bibliography, http://dblp.org}
}
@inproceedings{DBLP:conf/aistats/MorinB05,
  author    = {Frederic Morin and
               Yoshua Bengio},
  title     = {Hierarchical Probabilistic Neural Network Language Model},
  booktitle = {Proceedings of the Tenth International Workshop on Artificial Intelligence
               and Statistics},
  year      = {2005},
  timestamp = {Wed, 06 May 2015 20:37:32 +0200},
  biburl    = {http://dblp.org/rec/bib/conf/aistats/MorinB05},
  bibsource = {dblp computer science bibliography, http://dblp.org}
}
@inproceedings{DBLP:conf/icml/GraveJCGJ17,
  author    = {Edouard Grave and
               Armand Joulin and
               Moustapha Ciss{\'{e}} and
               David Grangier and
               Herv{\'{e}} J{\'{e}}gou},
  title     = {Efficient softmax approximation for GPUs},
  booktitle = {Proceedings of the 34th International Conference on Machine Learning},
  pages     = {1302--1310},
  year      = {2017},
  timestamp = {Wed, 16 Aug 2017 11:08:55 +0200},
  biburl    = {http://dblp.org/rec/bib/conf/icml/GraveJCGJ17},
  bibsource = {dblp computer science bibliography, http://dblp.org}
}
@article{DBLP:journals/ijufks/Hochreiter98,
  author    = {Sepp Hochreiter},
  title     = {The Vanishing Gradient Problem During Learning Recurrent Neural Nets
               and Problem Solutions},
  journal   = {International Journal of Uncertainty Fuzziness and Knowledge-Based Systems},
  volume    = {6},
  number    = {2},
  pages     = {107--116},
  year      = {1998},
  timestamp = {Tue, 02 Mar 2004 13:41:41 +0100},
  biburl    = {http://dblp.uni-trier.de/rec/bib/journals/ijufks/Hochreiter98},
  bibsource = {dblp computer science bibliography, http://dblp.org}
}

@article{DBLP:journals/corr/abs-1301-3781,
  author    = {Tomas Mikolov and
               Kai Chen and
               Greg Corrado and
               Jeffrey Dean},
  title     = {Efficient Estimation of Word Representations in Vector Space},
  journal   = {CoRR},
  volume    = {abs/1301.3781},
  year      = {2013},
  timestamp = {Thu, 07 May 2015 20:02:01 +0200},
  biburl    = {http://dblp.uni-trier.de/rec/bib/journals/corr/abs-1301-3781},
  bibsource = {dblp computer science bibliography, http://dblp.org}
}
@article{DBLP:journals/coling/BrownPdLM92,
  author    = {Peter F. Brown and
               Vincent J. Della Pietra and
               Peter V. de Souza and
               Jennifer C. Lai and
               Robert L. Mercer},
  title     = {Class-Based n-gram Models of Natural Language},
  journal   = {Computational Linguistics},
  volume    = {18},
  number    = {4},
  pages     = {467--479},
  year      = {1992},
  timestamp = {Thu, 21 Dec 2006 11:12:22 +0100},
  biburl    = {http://dblp.uni-trier.de/rec/bib/journals/coling/BrownPdLM92},
  bibsource = {dblp computer science bibliography, http://dblp.org}
}
@inproceedings{DBLP:conf/ranlp/DerczynskiCB15,
  author    = {Leon Derczynski and
               Sean Chester and
               Kenneth S. B{\o}gh},
  title     = {Tune Your Brown Clustering, Please},
  booktitle = {Recent Advances in Natural Language Processing},
  pages     = {110--117},
  year      = {2015},
  timestamp = {Sat, 23 Jan 2016 14:43:33 +0100},
  biburl    = {http://dblp.org/rec/bib/conf/ranlp/DerczynskiCB15},
  bibsource = {dblp computer science bibliography, http://dblp.org}
}

@inproceedings{DBLP:conf/nips/VincentBB15,
  author    = {Pascal Vincent and
               Alexandre de Br{\'{e}}bisson and
               Xavier Bouthillier},
  title     = {Efficient Exact Gradient Update for training Deep Networks with Very
               Large Sparse Targets},
  booktitle = {Proceedings of 29th Annual Conference on Neural Information Processing Systems},
  pages     = {1108--1116},
  year      = {2015},
  timestamp = {Fri, 08 Apr 2016 19:32:53 +0200},
  biburl    = {http://dblp.org/rec/bib/conf/nips/VincentBB15},
  bibsource = {dblp computer science bibliography, http://dblp.org}
}

@inproceedings{DBLP:conf/naacl/BaltescuB15,
  author    = {Paul Baltescu and
               Phil Blunsom},
  title     = {Pragmatic Neural Language Modelling in Machine Translation},
  booktitle = {Proceedings of the 2015 Conference of the North American Chapter
               of the Association for Computational Linguistics: Human Language Technologies},
  pages     = {820--829},
  year      = {2015},
  timestamp = {Sat, 11 Jul 2015 19:35:08 +0200},
  biburl    = {http://dblp.org/rec/bib/conf/naacl/BaltescuB15},
  bibsource = {dblp computer science bibliography, http://dblp.org}
}

@inproceedings{DBLP:conf/nips/MnihK13,
  author    = {Andriy Mnih and
               Koray Kavukcuoglu},
  title     = {Learning word embeddings efficiently with noise-contrastive estimation},
  booktitle = {Proceedings of 27th Annual Conference on Neural Information Processing Systems},
  pages     = {2265--2273},
  year      = {2013},
  timestamp = {Fri, 31 Jan 2014 12:11:40 +0100},
  biburl    = {http://dblp.org/rec/bib/conf/nips/MnihK13},
  bibsource = {dblp computer science bibliography, http://dblp.org}
}

@article{DBLP:journals/corr/ChungGCB14,
  author    = {Junyoung Chung and
               {\c{C}}aglar G{\"{u}}l{\c{c}}ehre and
               KyungHyun Cho and
               Yoshua Bengio},
  title     = {Empirical Evaluation of Gated Recurrent Neural Networks on Sequence
               Modeling},
  journal   = {CoRR},
  volume    = {abs/1412.3555},
  year      = {2014},
  timestamp = {Thu, 01 Jan 2015 19:51:08 +0100},
  biburl    = {http://dblp.uni-trier.de/rec/bib/journals/corr/ChungGCB14},
  bibsource = {dblp computer science bibliography, http://dblp.org}
}
@inproceedings{DBLP:journals/corr/MerityXBS16,
  author    = {Stephen Merity and
               Caiming Xiong and
               James Bradbury and
               Richard Socher},
  title     = {Pointer Sentinel Mixture Models},
  booktitle = {Proceedings of 4th International Conference on Learning Representations},
  year      = {2017},
  timestamp = {Wed, 07 Jun 2017 14:42:14 +0200},
  biburl    = {http://dblp.uni-trier.de/rec/bib/journals/corr/MerityXBS16},
  bibsource = {dblp computer science bibliography, http://dblp.org}
}

@article{Liang2005Semi,
  title={Semi-supervised learning for natural language},
  author={Liang, Percy},
  journal={Master's Thesis Mit},
  year={2005},
}

@inproceedings{DBLP:conf/acl/ParadaDSR11,
  author    = {Carolina Parada and
               Mark Dredze and
               Abhinav Sethy and
               Ariya Rastrow},
  title     = {Learning Sub-Word Units for Open Vocabulary Speech Recognition},
  booktitle = {Proceedings of the 49th Annual Meeting of the Association for Computational Linguistics:
               Human Language Technologies},
  pages     = {712--721},
  year      = {2011},
  timestamp = {Tue, 16 Jan 2018 17:41:33 +0100},
  biburl    = {http://dblp.org/rec/bib/conf/acl/ParadaDSR11},
  bibsource = {dblp computer science bibliography, http://dblp.org}
}

@inproceedings{DBLP:conf/acl/SennrichHB16a,
  author    = {Rico Sennrich and
               Barry Haddow and
               Alexandra Birch},
  title     = {Neural Machine Translation of Rare Words with Subword Units},
  booktitle = {Proceedings of the 54th Annual Meeting of the Association for Computational
               Linguistics},
  year      = {2016},
  timestamp = {Mon, 15 Aug 2016 20:10:51 +0200},
  biburl    = {http://dblp.org/rec/bib/conf/acl/SennrichHB16a},
  bibsource = {dblp computer science bibliography, http://dblp.org}
}
@inproceedings{DBLP:conf/eacl/Clark03,
  author    = {Alexander Clark},
  title     = {Combining Distributional and Morphological Information for Part of
               Speech Induction},
  booktitle = {Proceedings of 10th Conference of the European Chapter of the Association for Computational Linguistics},
  pages     = {59--66},
  year      = {2003},
  timestamp = {Thu, 17 Aug 2017 17:55:38 +0200},
  biburl    = {http://dblp.org/rec/bib/conf/eacl/Clark03},
  bibsource = {dblp computer science bibliography, http://dblp.org}
}
@inproceedings{DBLP:conf/icassp/Tucker0P94,
  author    = {Roger C. F. Tucker and
               Michael J. Carey and
               Eluned S. Parris},
  title     = {Automatic language identification using sub-word models},
  booktitle = {Proceedings of the 1994 {IEEE} International Conference on Acoustics, Speech and Signal Processing},
  pages     = {301--304},
  year      = {1994},
  timestamp = {Fri, 19 May 2017 01:25:42 +0200},
  biburl    = {http://dblp.org/rec/bib/conf/icassp/Tucker0P94},
  bibsource = {dblp computer science bibliography, http://dblp.org}
}
@inproceedings{DBLP:conf/icassp/Goodman01,
  author    = {Joshua Goodman},
  title     = {Classes for fast maximum entropy training},
  booktitle = {Proceedings of the 2001 {IEEE} International Conference on Acoustics, Speech, and Signal Processing},
  pages     = {561--564},
  year      = {2001},
  timestamp = {Fri, 19 May 2017 01:25:35 +0200},
  biburl    = {http://dblp.org/rec/bib/conf/icassp/Goodman01},
  bibsource = {dblp computer science bibliography, http://dblp.org}
}
@article{Gage:1994:NAD:177910.177914,
 author = {Gage, Philip},
 title = {A New Algorithm for Data Compression},
 journal = {The C Users Journal},
 issue_date = {Feb. 1994},
 volume = {12},
 number = {2},
 month = {Feb},
 year = {1994},
 issn = {0898-9788},
 pages = {23--38},
 numpages = {16},
 acmid = {177914},
 publisher = {R \& D Publications, Inc.},
 address = {Lawrence, KS, USA},
}
@inproceedings{DBLP:conf/nips/DugasBBNG00,
  author    = {Charles Dugas and
               Yoshua Bengio and
               Fran{\c{c}}ois B{\'{e}}lisle and
               Claude Nadeau and
               Ren{\'{e}} Garcia},
  title     = {Incorporating Second-Order Functional Knowledge for Better Option
               Pricing},
  booktitle = {Proceedings of 14th Annual Conference on Neural Information Processing Systems},
  pages     = {472--478},
  year      = {2000},
  timestamp = {Thu, 11 Dec 2014 17:34:07 +0100},
  biburl    = {http://dblp.org/rec/bib/conf/nips/DugasBBNG00},
  bibsource = {dblp computer science bibliography, http://dblp.org}
}
@book{duda2012pattern,
 author = {Duda, Richard O. and Hart, Peter E. and Stork, David G.},
 title = {Pattern Classification (2Nd Edition)},
 year = {2000},
 isbn = {0471056693},
 publisher = {Wiley-Interscience},
 address = {Indianapolis, USA}
}
@article{DBLP:journals/speech/MartinLN98,
  author    = {Sven C. Martin and
               J{\"{o}}rg Liermann and
               Hermann Ney},
  title     = {Algorithms for bigram and trigram word clustering},
  journal   = {Speech Communication},
  volume    = {24},
  number    = {1},
  pages     = {19--37},
  year      = {1998},
  timestamp = {Sun, 27 Mar 2011 21:37:26 +0200},
  biburl    = {http://dblp.uni-trier.de/rec/bib/journals/speech/MartinLN98},
  bibsource = {dblp computer science bibliography, http://dblp.org}
}
@article{DBLP:journals/tnn/ChienK16,
  author    = {Jen{-}Tzung Chien and
               Yuan{-}Chu Ku},
  title     = {Bayesian Recurrent Neural Network for Language Modeling},
  journal   = {IEEE Transactions on Neural Networks and Learning Systems},
  volume    = {27},
  number    = {2},
  pages     = {361--374},
  year      = {2016},
  timestamp = {Thu, 15 Jun 2017 21:30:02 +0200},
  biburl    = {http://dblp.uni-trier.de/rec/bib/journals/tnn/ChienK16},
  bibsource = {dblp computer science bibliography, http://dblp.org}
}
@article{7508408,
  author={K. Greff and R. K. Srivastava and J. Koutník and B. R. Steunebrink and J. Schmidhuber},
  journal={IEEE Transactions on Neural Networks and Learning Systems},
  title={LSTM: A Search Space Odyssey},
  year={2017},
  volume={28},
  number={10},
  pages={2222-2232},
  ISSN={2162-237X},
  month={Oct}
}
@article{DBLP:journals/taslp/ChenLWGW16,
  author    = {Xie Chen and
               Xunying Liu and
               Yongqiang Wang and
               Mark J. F. Gales and
               Philip C. Woodland},
  title     = {Efficient Training and Evaluation of Recurrent Neural Network Language
               Models for Automatic Speech Recognition},
  journal   = {IEEE/ACM Transactions on Audio, Speech, and Language Processing},
  volume    = {24},
  number    = {11},
  pages     = {2146--2157},
  year      = {2016},
  timestamp = {Sun, 28 May 2017 13:22:50 +0200},
  biburl    = {http://dblp.uni-trier.de/rec/bib/journals/taslp/ChenLWGW16},
  bibsource = {dblp computer science bibliography, http://dblp.org}
}
@article{kleinbaum2010maximum,
  title={Maximum likelihood techniques: An overview},
  author={Kleinbaum, David G and Klein, Mitchel},
  journal={Logistic regression},
  pages={103--127},
  year={2010},
  publisher={Springer}
}
===============================================================================
% dataset
@inproceedings{DBLP:conf/interspeech/ChelbaMSGBKR14,
  author    = {Ciprian Chelba and
               Tomas Mikolov and
               Mike Schuster and
               Qi Ge and
               Thorsten Brants and
               Phillipp Koehn and
               Tony Robinson},
  title     = {One billion word benchmark for measuring progress in statistical language
               modeling},
  booktitle = {Proceedings of 15th Annual Conference of the International Speech
               Communication Association},
  pages     = {2635--2639},
  year      = {2014},
  timestamp = {Mon, 30 Jan 2017 12:13:12 +0100},
  biburl    = {http://dblp.org/rec/bib/conf/interspeech/ChelbaMSGBKR14},
  bibsource = {dblp computer science bibliography, http://dblp.org}
}

===============================================================================
% neural machine translation
@inproceedings{bahdanau2014neural,
	author    = {Dzmitry Bahdanau and
               Kyunghyun Cho and
               Yoshua Bengio},
    Title   = {Neural machine translation by jointly learning to align and translate},
	Booktitle = {Proceedings of 2nd International Conference on Learning Representations},
	Year = {2015}
}

===============================================================================
% SAMPLING
@inproceedings{DBLP:journals/jmlr/GutmannH10,
  author    = {Michael Gutmann and
               Aapo Hyv{\"{a}}rinen},
  title     = {Noise-contrastive estimation: {A} new estimation principle for unnormalized
               statistical models},
  booktitle = {Proceedings of the 30th International Conference on Artificial
               Intelligence and Statistics},
  pages     = {297--304},
  year      = {2010},
  timestamp = {Thu, 11 Sep 2014 07:28:56 +0200},
  biburl    = {http://dblp.org/rec/bib/journals/jmlr/GutmannH10},
  bibsource = {dblp computer science bibliography, http://dblp.org}
}
% alias method
@article{10.2307/2683739,
 ISSN = {00031305},
 author = {Richard A. Kronmal and Arthur V. Peterson},
 journal = {The American Statistician},
 number = {4},
 pages = {214-218},
 publisher = {[American Statistical Association, Taylor & Francis, Ltd.]},
 title = {On the Alias Method for Generating Random Variables from a Discrete Distribution},
 volume = {33},
 year = {1979}
}
@inproceedings{DBLP:conf/emnlp/VaswaniZFC13,
  author    = {Ashish Vaswani and
               Yinggong Zhao and
               Victoria Fossum and
               David Chiang},
  title     = {Decoding with Large-Scale Neural Language Models Improves Translation},
  booktitle = {Proceedings of the 2013 Conference on Empirical Methods in Natural
               Language Processing},
  pages     = {1387--1392},
  year      = {2013},
  timestamp = {Fri, 22 Nov 2013 12:57:23 +0100},
  biburl    = {http://dblp.org/rec/bib/conf/emnlp/VaswaniZFC13},
  bibsource = {dblp computer science bibliography, http://dblp.org}
}


===============================================================================
%Very Large Target Vocabulary
@inproceedings{DBLP:conf/acl/JeanCMB15,
  author    = {S{\'{e}}bastien Jean and
               KyungHyun Cho and
               Roland Memisevic and
               Yoshua Bengio},
  title     = {On Using Very Large Target Vocabulary for Neural Machine Translation},
  booktitle = {Proceedings of the 53rd Annual Meeting of the Association for Computational
               Linguistics},
  pages     = {1--10},
  year      = {2015},
  timestamp = {Sun, 02 Aug 2015 19:26:07 +0200},
  biburl    = {http://dblp.org/rec/bib/conf/acl/JeanCMB15},
  bibsource = {dblp computer science bibliography, http://dblp.org}
}
===============================================================================
% rnn series
@article{DBLP:journals/cogsci/Elman90,
  author    = {Jeffrey L. Elman},
  title     = {Finding Structure in Time},
  journal   = {Cognitive Science},
  volume    = {14},
  number    = {2},
  pages     = {179--211},
  year      = {1990},
  timestamp = {Mon, 05 Jun 2017 20:51:13 +0200},
  biburl    = {http://dblp.uni-trier.de/rec/bib/journals/cogsci/Elman90},
  bibsource = {dblp computer science bibliography, http://dblp.org}
}
@article{jordan1997serial,
  title={Serial order: A parallel distributed processing approach},
  author={Jordan, Michael I},
  journal={Advances in psychology},
  volume={121},
  pages={471--495},
  year={1997},
  publisher={Elsevier}
}

% shortlist
@article{DBLP:journals/csl/Schwenk07,
  author    = {Holger Schwenk},
  title     = {Continuous space language models},
  journal   = {Computer Speech {\&} Language},
  volume    = {21},
  number    = {3},
  pages     = {492--518},
  year      = {2007},
  timestamp = {Sat, 27 May 2017 14:23:33 +0200},
  biburl    = {http://dblp.uni-trier.de/rec/bib/journals/csl/Schwenk07},
  bibsource = {dblp computer science bibliography, http://dblp.org}
}
===============================================================================
% label bias problem
@inproceedings{DBLP:conf/icml/LaffertyMP01,
  author    = {John D. Lafferty and
               Andrew McCallum and
               Fernando C. N. Pereira},
  title     = {Conditional Random Fields: Probabilistic Models for Segmenting and
               Labeling Sequence Data},
  booktitle = {Proceedings of the 18th International Conference on Machine
               Learning},
  pages     = {282--289},
  year      = {2001},
  timestamp = {Wed, 27 Nov 2002 10:53:35 +0100},
  biburl    = {http://dblp.org/rec/bib/conf/icml/LaffertyMP01},
  bibsource = {dblp computer science bibliography, http://dblp.org}
}
===============================================================================
% natural language generation
@article{DBLP:journals/corr/GattK17,
  author    = {Albert Gatt and
               Emiel Krahmer},
  title     = {Survey of the State of the Art in Natural Language Generation: Core
               tasks, applications and evaluation},
  journal   = {CoRR},
  volume    = {abs/1703.09902},
  year      = {2017},
  timestamp = {Wed, 07 Jun 2017 14:41:53 +0200},
  biburl    = {http://dblp.uni-trier.de/rec/bib/journals/corr/GattK17},
  bibsource = {dblp computer science bibliography, http://dblp.org}
}
===============================================================================
% tnnls reference
@article{DBLP:journals/tnn/0013OKA13,
  author    = {Jun Li and
               Karim Ouazzane and
               Hassan B. Kazemian and
               Muhammad Sajid Afzal},
  title     = {Neural Network Approaches for Noisy Language Modeling},
  journal   = {IEEE Transactions on Neural Networks and Learning Systems},
  volume    = {24},
  number    = {11},
  pages     = {1773--1784},
  year      = {2013},
  timestamp = {Sun, 28 May 2017 13:22:16 +0200},
  biburl    = {http://dblp.uni-trier.de/rec/bib/journals/tnn/0013OKA13},
  bibsource = {dblp computer science bibliography, http://dblp.org}
}
===============================================================================
% importance sampling
@article{DBLP:journals/tnn/BengioS08,
  author    = {Yoshua Bengio and
               Jean{-}S{\'{e}}bastien Senecal},
  title     = {Adaptive Importance Sampling to Accelerate Training of a Neural Probabilistic
               Language Model},
  journal   = {IEEE Transactions on Neural Networks},
  volume    = {19},
  number    = {4},
  pages     = {713--722},
  year      = {2008},
  timestamp = {Sun, 28 May 2017 13:22:17 +0200},
  biburl    = {http://dblp.uni-trier.de/rec/bib/journals/tnn/BengioS08},
  bibsource = {dblp computer science bibliography, http://dblp.org}
}
===============================================================================
% Predictive Exchange Algorithms
@inproceedings{DBLP:conf/naacl/DehdariTG16,
  author    = {Jon Dehdari and
               Liling Tan and
               Josef van Genabith},
  title     = {{BIRA:} Improved Predictive Exchange Word Clustering},
  booktitle = {Proceedings of the 2016 Conference of the North American Chapter
               of the Association for Computational Linguistics: Human Language Technologies},
  pages     = {1169--1174},
  year      = {2016},
  timestamp = {Tue, 13 Sep 2016 20:32:15 +0200},
  biburl    = {http://dblp.org/rec/bib/conf/naacl/DehdariTG16},
  bibsource = {dblp computer science bibliography, http://dblp.org}
}
===============================================================================
% quasi rnn
@inproceedings{DBLP:journals/corr/BradburyMXS16,
  author    = {James Bradbury and
               Stephen Merity and
               Caiming Xiong and
               Richard Socher},
  title     = {Quasi-Recurrent Neural Networks},
  Booktitle = {Proceedings of 4th International Conference on Learning Representations},
  year      = {2017},
  timestamp = {Wed, 07 Jun 2017 14:40:33 +0200},
  biburl    = {http://dblp.uni-trier.de/rec/bib/journals/corr/BradburyMXS16},
  bibsource = {dblp computer science bibliography, http://dblp.org}
}
@article{DBLP:journals/corr/AppleyardKB16,
  author    = {Jeremy Appleyard and
               Tom{\'{a}}s Kocisk{\'{y}} and
               Phil Blunsom},
  title     = {Optimizing Performance of Recurrent Neural Networks on GPUs},
  journal   = {CoRR},
  volume    = {abs/1604.01946},
  year      = {2016},
  timestamp = {Wed, 07 Jun 2017 14:41:36 +0200},
  biburl    = {http://dblp.uni-trier.de/rec/bib/journals/corr/AppleyardKB16},
  bibsource = {dblp computer science bibliography, http://dblp.org}
}
===============================================================================
% NCE on GPU
@inproceedings{DBLP:conf/naacl/ZophVMK16,
  author    = {Barret Zoph and
               Ashish Vaswani and
               Jonathan May and
               Kevin Knight},
  title     = {Simple, Fast Noise-Contrastive Estimation for Large {RNN} Vocabularies},
  booktitle = {Proceedings of the 2016 Conference of the North American Chapter
               of the Association for Computational Linguistics: Human Language Technologies},
  pages     = {1217--1222},
  year      = {2016},
  timestamp = {Tue, 13 Sep 2016 20:32:15 +0200},
  biburl    = {http://dblp.org/rec/bib/conf/naacl/ZophVMK16},
  bibsource = {dblp computer science bibliography, http://dblp.org}
}

@book{DBLP:books/sp/mining12,
  editor    = {Charu C. Aggarwal and
               ChengXiang Zhai},
  title     = {Mining Text Data},
  publisher = {Springer},
  address   = {Berlin, Germany},
  year      = {2012},
  isbn      = {978-1-4419-8462-3},
  timestamp = {Sat, 18 Feb 2012 20:40:52 +0100},
  biburl    = {http://dblp.org/rec/bib/books/sp/mining12},
  bibsource = {dblp computer science bibliography, http://dblp.org}
}
===============================================================================
% clark clustering
@inproceedings{DBLP:conf/acl/DaksC16,
  author    = {Alon Daks and
               Aidan Clark},
  title     = {Unsupervised Authorial Clustering Based on Syntactic Structure},
  booktitle = {Proceedings of the {ACL} 2016 Student Research Workshop},
  pages     = {114--118},
  year      = {2016},
  timestamp = {Wed, 09 Aug 2017 11:24:43 +0200},
  biburl    = {http://dblp.org/rec/bib/conf/acl/DaksC16},
  bibsource = {dblp computer science bibliography, http://dblp.org}
}
===============================================================================
% sentence compression
@article{DBLP:journals/tist/CohnL13,
  author    = {Trevor Cohn and
               Mirella Lapata},
  title     = {An abstractive approach to sentence compression},
  journal   = {ACM Transactions on Intelligent Systems and Technology},
  volume    = {4},
  number    = {3},
  pages     = {41:1--41:35},
  year      = {2013},
  timestamp = {Thu, 08 Jun 2017 09:05:30 +0200},
  biburl    = {http://dblp.org/rec/bib/journals/tist/CohnL13},
  bibsource = {dblp computer science bibliography, http://dblp.org}
}
@article{DBLP:journals/tist/LiTWLL16,
  author    = {Zechao Li and
               Jinhui Tang and
               Xueming Wang and
               Jing Liu and
               Hanqing Lu},
  title     = {Multimedia News Summarization in Search},
  journal   = {ACM Transactions on Intelligent Systems and Technology},
  volume    = {7},
  number    = {3},
  pages     = {33:1--33:20},
  year      = {2016},
  timestamp = {Mon, 11 Sep 2017 16:55:20 +0200},
  biburl    = {http://dblp.org/rec/bib/journals/tist/LiTWLL16},
  bibsource = {dblp computer science bibliography, http://dblp.org}
}
@inproceedings{DBLP:conf/icml/JozefowiczZS15,
  author    = {Rafal J{\'{o}}zefowicz and
               Wojciech Zaremba and
               Ilya Sutskever},
  title     = {An Empirical Exploration of Recurrent Network Architectures},
  booktitle = {Proceedings of the 32nd International Conference on Machine Learning},
  pages     = {2342--2350},
  year      = {2015},
  timestamp = {Wed, 29 Mar 2017 16:45:25 +0200},
  biburl    = {http://dblp.org/rec/bib/conf/icml/JozefowiczZS15},
  bibsource = {dblp computer science bibliography, http://dblp.org}
}
@inproceedings{DBLP:conf/nips/ChungKDGCB15,
  author    = {Junyoung Chung and
               Kyle Kastner and
               Laurent Dinh and
               Kratarth Goel and
               Aaron C. Courville and
               Yoshua Bengio},
  title     = {A Recurrent Latent Variable Model for Sequential Data},
  booktitle = {Proceedings of 29th Annual Conference on Neural Information Processing
               Systems},
  pages     = {2980--2988},
  year      = {2015},
  timestamp = {Fri, 08 Apr 2016 19:32:52 +0200},
  biburl    = {http://dblp.org/rec/bib/conf/nips/ChungKDGCB15},
  bibsource = {dblp computer science bibliography, http://dblp.org}
}
@article{DBLP:journals/tnn/BengioSF94,
  author    = {Yoshua Bengio and
               Patrice Y. Simard and
               Paolo Frasconi},
  title     = {Learning long-term dependencies with gradient descent is difficult},
  journal   = {IEEE Transactions on Neural Networks},
  volume    = {5},
  number    = {2},
  pages     = {157--166},
  year      = {1994},
  timestamp = {Wed, 09 Mar 2016 15:40:57 +0100},
  biburl    = {http://dblp.uni-trier.de/rec/bib/journals/tnn/BengioSF94},
  bibsource = {dblp computer science bibliography, http://dblp.org}
}
@inproceedings{DBLP:conf/nips/BengioDV00,
  author    = {Yoshua Bengio and
               R{\'{e}}jean Ducharme and
               Pascal Vincent},
  title     = {A Neural Probabilistic Language Model},
  booktitle = {Proceedings of 14th Annual Conference on Neural Information Processing
               Systems},
  pages     = {932--938},
  year      = {2000},
  timestamp = {Thu, 11 Dec 2014 17:34:07 +0100},
  biburl    = {http://dblp.org/rec/bib/conf/nips/BengioDV00},
  bibsource = {dblp computer science bibliography, http://dblp.org}
}
@inproceedings{DBLP:conf/acl/BaroniDK14,
  author    = {Marco Baroni and
               Georgiana Dinu and
               Germ{\'{a}}n Kruszewski},
  title     = {Don't count, predict! {A} systematic comparison of context-counting
               vs. context-predicting semantic vectors},
  booktitle = {Proceedings of the 52nd Annual Meeting of the Association for Computational
               Linguistics},
  pages     = {238--247},
  year      = {2014},
  timestamp = {Mon, 28 Jul 2014 19:09:09 +0200},
  biburl    = {http://dblp.org/rec/bib/conf/acl/BaroniDK14},
  bibsource = {dblp computer science bibliography, http://dblp.org}
}
@article{DBLP:journals/sigkdd/BellK07,
  author    = {Robert M. Bell and
               Yehuda Koren},
  title     = {Lessons from the Netflix prize challenge},
  journal   = {{SIGKDD} Explorations},
  volume    = {9},
  number    = {2},
  pages     = {75--79},
  year      = {2007},
  timestamp = {Fri, 18 Apr 2008 14:39:40 +0200},
  biburl    = {http://dblp.org/rec/bib/journals/sigkdd/BellK07},
  bibsource = {dblp computer science bibliography, http://dblp.org}
}
@article{DBLP:journals/pami/BengioCV13,
  author    = {Yoshua Bengio and
               Aaron C. Courville and
               Pascal Vincent},
  title     = {Representation Learning: {A} Review and New Perspectives},
  journal   = {{IEEE} Transactions on Pattern Analysis and Machine Intelligence},
  volume    = {35},
  number    = {8},
  pages     = {1798--1828},
  year      = {2013},
  timestamp = {Wed, 17 May 2017 10:56:25 +0200},
  biburl    = {http://dblp.org/rec/bib/journals/pami/BengioCV13},
  bibsource = {dblp computer science bibliography, http://dblp.org}
}
@article{DBLP:journals/neco/HochreiterS97,
  author    = {Sepp Hochreiter and
               J{\"{u}}rgen Schmidhuber},
  title     = {Long Short-Term Memory},
  journal   = {Neural Computation},
  volume    = {9},
  number    = {8},
  pages     = {1735--1780},
  year      = {1997},
  timestamp = {Thu, 17 Nov 2011 16:24:23 +0100},
  biburl    = {http://dblp.uni-trier.de/rec/bib/journals/neco/HochreiterS97},
  bibsource = {dblp computer science bibliography, http://dblp.org}
}
@article{hinton2006reducing,
  title={Reducing the dimensionality of data with neural networks},
  author={Hinton, Geoffrey E and Salakhutdinov, Ruslan R},
  journal={Science},
  volume={313},
  number={5786},
  pages={504--507},
  year={2006},
  publisher={American Association for the Advancement of Science}
}
@inproceedings{DBLP:conf/icassp/MikolovKBCK11,
  author    = {Tomas Mikolov and
               Stefan Kombrink and
               Luk{\'{a}}s Burget and
               Jan Cernock{\'{y}} and
               Sanjeev Khudanpur},
  title     = {Extensions of recurrent neural network language model},
  booktitle = {Proceedings of the 2011 {IEEE} International Conference on Acoustics, Speech,
               and Signal Processing},
  pages     = {5528--5531},
  year      = {2011},
  timestamp = {Fri, 19 May 2017 01:25:49 +0200},
  biburl    = {http://dblp.org/rec/bib/conf/icassp/MikolovKBCK11},
  bibsource = {dblp computer science bibliography, http://dblp.org}
}
@article{DBLP:journals/corr/Pezeshki15,
  author    = {Mohammad Pezeshki},
  title     = {Sequence Modeling using Gated Recurrent Neural Networks},
  journal   = {CoRR},
  volume    = {abs/1501.00299},
  year      = {2015},
  archivePrefix = {arXiv},
  eprint    = {1501.00299},
  timestamp = {Wed, 07 Jun 2017 14:41:56 +0200},
  biburl    = {http://dblp.org/rec/bib/journals/corr/Pezeshki15},
  bibsource = {dblp computer science bibliography, http://dblp.org}
}
@inproceedings{DBLP:conf/icml/MnihH07,
  author    = {Andriy Mnih and
               Geoffrey E. Hinton},
  title     = {Three new graphical models for statistical language modelling},
  booktitle = {Proceedings of 24th International Conference on Machine Learning},
  pages     = {641--648},
  year      = {2007},
  timestamp = {Fri, 01 Jul 2011 12:24:37 +0200},
  biburl    = {http://dblp.org/rec/bib/conf/icml/MnihH07},
  bibsource = {dblp computer science bibliography, http://dblp.org}
}
@article{DBLP:journals/cgf/ClineRW09,
  author    = {David Cline and
               Anshuman Razdan and
               Peter Wonka},
  title     = {A Comparison of Tabular {PDF} Inversion Methods},
  journal   = {Computer Graphics Forum},
  volume    = {28},
  number    = {1},
  pages     = {154--160},
  year      = {2009},
  timestamp = {Fri, 26 May 2017 22:53:57 +0200},
  biburl    = {http://dblp.org/rec/bib/journals/cgf/ClineRW09},
  bibsource = {dblp computer science bibliography, http://dblp.org}
}
@article{王龙2015基于循环神经网络的汉语语言模型并行优化算法,
  title={基于循环神经网络的汉语语言模型并行优化算法},
  author={王龙 and 杨俊安 and 陈雷 and 林伟 and 刘辉},
  journal={应用科学学报},
  volume={33},
  number={3},
  pages={253-261},
  year={2015},
}
@article{牛雪婷2009Huffman,
  title={Huffman算法的分析与应用},
  author={牛雪婷},
  journal={中国科教创新导刊},
  number={28},
  pages={87-87},
  year={2009},
}
@article{赵林2007一种新的基于结构的神经网络规则抽取方法,
  title={一种新的基于结构的神经网络规则抽取方法},
  author={赵林 and 杨保安 and 谢志鸣},
  journal={计算机应用与软件},
  volume={24},
  number={6},
  pages={28-29},
  year={2007},
}
@phdthesis{陈凯2016深度学习模型的高效训练算法研究,
  title={深度学习模型的高效训练算法研究},
  author={陈凯},
  school={中国科学技术大学},
  address={安徽,中国},
  year={2016},
}
@phdthesis{王建翔2017面向可读性评估的词向量技术研究及实现,
  title={面向可读性评估的词向量技术研究及实现},
  author={王建翔},
  school={南京大学},
  address={南京,中国},
  year={2017},
}
@inproceedings{DBLP:conf/iconip/QuCLZLX17,
  author    = {Kang Qu and
               Xiangfei Chai and
               Tianjiao Liu and
               Yadong Zhang and
               Biao Leng and
               Zhang Xiong},
  title     = {Computer-Aided Diagnosis in Chest Radiography with Deep Multi-Instance
               Learning},
  booktitle = {Proceedings of 24th International Conference on Neural Information Processing},
  pages     = {723--731},
  year      = {2017},
  timestamp = {Fri, 17 Nov 2017 14:49:58 +0100},
  biburl    = {http://dblp.org/rec/bib/conf/iconip/QuCLZLX17},
  bibsource = {dblp computer science bibliography, http://dblp.org}
}

@article{贾玉祥2014汉语语义选择限制知识的自动获取研究,
  title={汉语语义选择限制知识的自动获取研究},
  author={贾玉祥 and 王浩石 and 昝红英 and 俞士汶 and 王治敏},
  journal={中文信息学报},
  volume={28},
  number={5},
  pages={66-73},
  year={2014},
}
@incollection{DBLP:reference/stat/LEcuyer11,
  author    = {Pierre L'Ecuyer},
  title     = {Non-uniform Random Variate Generations},
  booktitle = {International Encyclopedia of Statistical Science},
  pages     = {991--995},
  year      = {2011},
  timestamp = {Wed, 12 Jul 2017 09:11:49 +0200},
  biburl    = {https://dblp.org/rec/bib/reference/stat/LEcuyer11},
  bibsource = {dblp computer science bibliography, https://dblp.org}
}
@book{宗成庆2013统计自然语言处理,
  title={统计自然语言处理},
  author={宗成庆},
  publisher={清华大学出版社},
  year={2013},
  address={北京, 中国},
}
@article{Cruse2006Neural,
  title={Neural Networks as Cybernetic Systems - 3rd and revised edition},
  author={Cruse and Holk},
  journal={Brains Minds \& Media},
  number={3},
  year={2006},
}
@article{DBLP:journals/jair/GattK18,
  author    = {Albert Gatt and
               Emiel Krahmer},
  title     = {Survey of the State of the Art in Natural Language Generation: Core
               tasks, applications and evaluation},
  journal   = {J. Artif. Intell. Res.},
  volume    = {61},
  pages     = {65--170},
  year      = {2018},
  timestamp = {Mon, 12 Feb 2018 16:57:59 +0100},
  biburl    = {https://dblp.org/rec/bib/journals/jair/GattK18},
  bibsource = {dblp computer science bibliography, https://dblp.org}
}
